
  <record xmlns:oclcterms="http://purl.org/oclc/terms/" xmlns:dc="http://purl.org/dc/elements/1.1/" xmlns:diag="http://www.loc.gov/zing/srw/diagnostic/" xmlns:xsi="http://www.w3.org/2001/XMLSchema-instance">
    <leader>00000cam a2200000Ma 4500</leader>
    <controlfield tag="001">954230536</controlfield>
    <controlfield tag="008">900215s1989    enka     b    000 0 eng d</controlfield>
    <datafield ind1=" " ind2=" " tag="010">
      <subfield code="a">89168299</subfield>
    </datafield>
    <datafield ind1=" " ind2=" " tag="020">
      <subfield code="a">0860546284</subfield>
    </datafield>
    <datafield ind1=" " ind2=" " tag="020">
      <subfield code="a">9780860546283</subfield>
    </datafield>
    <datafield ind1="0" ind2="4" tag="245">
      <subfield code="a">The Harbours of Caesarea Maritima :</subfield>
      <subfield code="b">results of the Caesarea Ancient Harbour Excavation Project, 1980-1985 /</subfield>
      <subfield code="c">general editor, John Peter Oleson.</subfield>
    </datafield>
    <datafield ind1=" " ind2=" " tag="260">
      <subfield code="a">Oxford, England :</subfield>
      <subfield code="b">B.A.R,</subfield>
      <subfield code="c">1989.</subfield>
    </datafield>
    <datafield ind1=" " ind2=" " tag="300">
      <subfield code="a">2 volumes (xxxii, 517 pages) :</subfield>
      <subfield code="b">illustrations ;</subfield>
      <subfield code="c">30 cm.</subfield>
    </datafield>
    <datafield ind1="1" ind2=" " tag="490">
      <subfield code="a">BAR international series ;</subfield>
      <subfield code="v">491, pt. i-ii</subfield>
    </datafield>
    <datafield ind1="1" ind2=" " tag="490">
      <subfield code="a">Publication / Center for Maritime Studies, University of Haifa ;</subfield>
      <subfield code="v">no. 3</subfield>
    </datafield>
    <datafield ind1=" " ind2=" " tag="500">
      <subfield code="a">Contents: Vol. 1. The site and the excavations / by Avner Raban with contributions by R.L. Hohlfelder [and others].</subfield>
    </datafield>
    <datafield ind1="0" ind2=" " tag="505">
      <subfield code="a">Vol. 1. The site and the excavations / by Avner Raban ; with contributions by R.L. Hohlfelder [and others]. 1989.</subfield>
    </datafield>
    <datafield ind1=" " ind2="0" tag="650">
      <subfield code="a">Harbors</subfield>
      <subfield code="z">Israel</subfield>
      <subfield code="z">Caesarea.</subfield>
    </datafield>
    <datafield ind1=" " ind2="0" tag="650">
      <subfield code="a">Excavations (Archaeology)</subfield>
      <subfield code="z">Israel</subfield>
      <subfield code="z">Caesarea.</subfield>
    </datafield>
    <datafield ind1=" " ind2="0" tag="650">
      <subfield code="a">Underwater archaeology</subfield>
      <subfield code="z">Israel</subfield>
      <subfield code="z">Caesarea.</subfield>
    </datafield>
    <datafield ind1=" " ind2="0" tag="651">
      <subfield code="a">Caesarea (Israel)</subfield>
      <subfield code="x">Antiquities.</subfield>
    </datafield>
    <datafield ind1=" " ind2="7" tag="650">
      <subfield code="a">Antiquities.</subfield>
      <subfield code="2">fast</subfield>
      <subfield code="0">(OCoLC)fst00810745</subfield>
    </datafield>
    <datafield ind1=" " ind2="7" tag="650">
      <subfield code="a">Excavations (Archaeology)</subfield>
      <subfield code="2">fast</subfield>
      <subfield code="0">(OCoLC)fst00917564</subfield>
    </datafield>
    <datafield ind1=" " ind2="7" tag="650">
      <subfield code="a">Harbors.</subfield>
      <subfield code="2">fast</subfield>
      <subfield code="0">(OCoLC)fst00951219</subfield>
    </datafield>
    <datafield ind1=" " ind2="7" tag="650">
      <subfield code="a">Underwater archaeology.</subfield>
      <subfield code="2">fast</subfield>
      <subfield code="0">(OCoLC)fst01161071</subfield>
    </datafield>
    <datafield ind1=" " ind2="7" tag="651">
      <subfield code="a">Israel</subfield>
      <subfield code="z">Caesarea.</subfield>
      <subfield code="2">fast</subfield>
      <subfield code="0">(OCoLC)fst01212441</subfield>
    </datafield>
    <datafield ind1="1" ind2=" " tag="700">
      <subfield code="a">Oleson, John Peter.</subfield>
    </datafield>
    <datafield ind1="1" ind2=" " tag="700">
      <subfield code="a">Raban, Avner.</subfield>
    </datafield>
    <datafield ind1="1" ind2=" " tag="700">
      <subfield code="a">Hohlfelder, Robert L.</subfield>
    </datafield>
  </record>