
  <record xmlns:oclcterms="http://purl.org/oclc/terms/" xmlns:dc="http://purl.org/dc/elements/1.1/" xmlns:diag="http://www.loc.gov/zing/srw/diagnostic/" xmlns:xsi="http://www.w3.org/2001/XMLSchema-instance">
    <leader>00000cam a2200000Ma 4500</leader>
    <controlfield tag="001">234110776</controlfield>
    <controlfield tag="008">080811s1962    is abef       000 0 eng d</controlfield>
    <datafield ind1="0" ind2="0" tag="245">
      <subfield code="a">Selected articles on archaeological discoveries in Israel.</subfield>
    </datafield>
    <datafield ind1=" " ind2=" " tag="260">
      <subfield code="a">Jerusalem :</subfield>
      <subfield code="b">Prime Minister's Office,</subfield>
      <subfield code="c">[1962]</subfield>
    </datafield>
    <datafield ind1=" " ind2=" " tag="300">
      <subfield code="a">26 pages, 16 pages of plates :</subfield>
      <subfield code="b">illustrations, facsimiles, map, plans ;</subfield>
      <subfield code="c">25 cm</subfield>
    </datafield>
    <datafield ind1=" " ind2=" " tag="500">
      <subfield code="a">"Excerpts from "Christian news from Israel."</subfield>
    </datafield>
    <datafield ind1="8" ind2=" " tag="505">
      <subfield code="a">Caesarea Maritima / by A. Negev -- Archaeological activities in Israel, 1961/62 / by Abraham Biran -- The refectory of the Order of St. John in Acre / by Zeev Goldmann.</subfield>
    </datafield>
    <datafield ind1=" " ind2="0" tag="651">
      <subfield code="a">Israel</subfield>
      <subfield code="x">Antiquities.</subfield>
    </datafield>
    <datafield ind1=" " ind2="7" tag="650">
      <subfield code="a">Antiquities.</subfield>
      <subfield code="2">fast</subfield>
      <subfield code="0">(OCoLC)fst00810745</subfield>
    </datafield>
    <datafield ind1=" " ind2="7" tag="651">
      <subfield code="a">Israel.</subfield>
      <subfield code="2">fast</subfield>
      <subfield code="0">(OCoLC)fst01204236</subfield>
    </datafield>
    <datafield ind1=" " ind2="4" tag="651">
      <subfield code="a">Eretz Israel</subfield>
      <subfield code="x">Antiquities.</subfield>
    </datafield>
    <datafield ind1="1" ind2=" " tag="700">
      <subfield code="a">Negev, Avraham.</subfield>
    </datafield>
    <datafield ind1="1" ind2=" " tag="700">
      <subfield code="a">Biran, Avraham.</subfield>
    </datafield>
    <datafield ind1="1" ind2=" " tag="700">
      <subfield code="a">Goldmann, Zeev.</subfield>
    </datafield>
    <datafield ind1="1" ind2=" " tag="710">
      <subfield code="a">Israel.</subfield>
      <subfield code="b">Misrad rosh ha-memshala.</subfield>
    </datafield>
    <datafield ind1="0" ind2=" " tag="740">
      <subfield code="a">Christian news from Israel.</subfield>
    </datafield>
  </record>